@article{greenwade93,
    author  = "George D. Greenwade",
    title   = "The {C}omprehensive {T}ex {A}rchive {N}etwork ({CTAN})",
    year    = "1993",
    journal = "TUGBoat",
    volume  = "14",
    number  = "3",
    pages   = "342--351"
}

@misc{BeckhoffWeb,
  author = {Beckhoff Automation GmbH \& Co. KG},
  howpublished = "\url{http://beckhoff.com}",
  note = "[Online; accessed 2021-08-04]"
}


@misc{HartingWeb,
  author = {Harting AG},
  howpublished = "\url{https://b2b.harting.com}",
  note = "[Online; accessed 2021-08-04]"
}
